<record><leader>00000cas a22000007a 4500</leader><controlfield tag="001">26687538</controlfield><controlfield tag="008">920929d18981900ctuwr ne      0    0eng d</controlfield><controlfield tag="009">14297</controlfield><datafield ind1=" " ind2=" " tag="010"><subfield code="a">sn 92051425 </subfield></datafield><datafield ind1=" " ind2=" " tag="040"><subfield code="a">CNW</subfield><subfield code="b">eng</subfield><subfield code="c">CNW</subfield><subfield code="d">DLC</subfield><subfield code="d">CNW</subfield><subfield code="d">OCLCQ</subfield></datafield><datafield ind1="1" ind2=" " tag="029"><subfield code="a">AU@</subfield><subfield code="b">000020739036</subfield></datafield><datafield ind1=" " ind2=" " tag="042"><subfield code="a">msc</subfield></datafield><datafield ind1="0" ind2=" " tag="130"><subfield code="a">Observer (Dayville, Conn.)</subfield></datafield><datafield ind1="0" ind2="4" tag="245"><subfield code="a">The observer.</subfield></datafield><datafield ind1=" " ind2=" " tag="260"><subfield code="a">Dayville, Killingly, Conn. :</subfield><subfield code="b">Nathan W. Kennedy, ed.</subfield></datafield><datafield ind1=" " ind2=" " tag="300"><subfield code="a">v.</subfield></datafield><datafield ind1=" " ind2=" " tag="310"><subfield code="a">Weekly</subfield></datafield><datafield ind1="0" ind2=" " tag="362"><subfield code="a">Vol. 1, no. 45 (Sept. 23, 1898)-v. 3, no. 41 (Aug. 30, 1900).</subfield></datafield><datafield ind1=" " ind2=" " tag="530"><subfield code="a">Available on microfilm from Putman Public Library.</subfield></datafield><datafield ind1=" " ind2="4" tag="651"><subfield code="a">Dayville (Conn.)</subfield><subfield code="v">Newspapers.</subfield></datafield><datafield ind1=" " ind2="4" tag="651"><subfield code="a">Killingly (Conn. : Town)</subfield><subfield code="v">Newspapers.</subfield></datafield><datafield ind1=" " ind2="4" tag="651"><subfield code="a">Windham County (Conn.)</subfield><subfield code="v">Newspapers.</subfield></datafield><datafield ind1=" " ind2="4" tag="651"><subfield code="a">Webster (Mass.)</subfield><subfield code="v">Newspapers.</subfield></datafield><datafield ind1=" " ind2=" " tag="752"><subfield code="a">United States</subfield><subfield code="b">Connecticut</subfield><subfield code="c">Windham</subfield><subfield code="d">Dayville.</subfield></datafield><datafield ind1="0" ind2="0" tag="780"><subfield code="t">Observer-review</subfield><subfield code="w">(DLC)sn 92051424</subfield></datafield><datafield ind1="0" ind2="0" tag="785"><subfield code="t">Weekly observer (Killingly, Conn.)</subfield><subfield code="w">(DLC)sn 92051426</subfield></datafield></record>